@mastersthesis{stefano_faccini,
  author       = {Stefano Faccini},
  school       = {Universit√† degli Studi di Trento},
  title        = {Design and implementation of an automated tool for checking SAML SSO vulnerabilities and SPID compliance},
  year         = {2019/2020},
  howpublished = {http://www.ictbusiness.it/}
}

% as misc
% Required fields: none. 
% Optional fields: author, title, howpublished, month, year, note.
@misc{ictbusiness,
  title        = {ICT business},
  howpublished = {http://www.ictbusiness.it/},
  note         = {ultimo accesso 15/06/2015}
}



